<record><leader>00000cas a2200000 a 4500</leader><controlfield tag="001">9448923</controlfield><controlfield tag="008">830426d19091923nyudn ne      0    0eng c</controlfield><datafield ind1=" " ind2=" " tag="010"><subfield code="a">sn 83030226 </subfield></datafield><datafield ind1=" " ind2=" " tag="040"><subfield code="a">NPU</subfield><subfield code="b">eng</subfield><subfield code="c">NPU</subfield><subfield code="d">DLC</subfield><subfield code="d">OCL</subfield><subfield code="d">NPA</subfield><subfield code="d">PPM</subfield><subfield code="d">NYS</subfield><subfield code="d">NYG</subfield><subfield code="d">YOX</subfield><subfield code="d">NYG</subfield><subfield code="d">NYS</subfield><subfield code="d">CVF</subfield><subfield code="d">NYS</subfield><subfield code="d">OCLCQ</subfield><subfield code="d">KRTAS</subfield><subfield code="d">OCLCQ</subfield><subfield code="d">OCLCF</subfield><subfield code="d">OCLCO</subfield></datafield><datafield ind1=" " ind2=" " tag="019"><subfield code="a">9443853</subfield></datafield><datafield ind1="1" ind2=" " tag="029"><subfield code="a">AU@</subfield><subfield code="b">000022833050</subfield></datafield><datafield ind1=" " ind2=" " tag="042"><subfield code="a">pcc</subfield></datafield><datafield ind1=" " ind2=" " tag="043"><subfield code="a">n-us-ny</subfield></datafield><datafield ind1="0" ind2="0" tag="050"><subfield code="a">Newspaper</subfield></datafield><datafield ind1="0" ind2="4" tag="245"><subfield code="a">The New York call.</subfield></datafield><datafield ind1="3" ind2="0" tag="246"><subfield code="a">Call</subfield></datafield><datafield ind1=" " ind2=" " tag="250"><subfield code="a">National ed.</subfield></datafield><datafield ind1=" " ind2=" " tag="260"><subfield code="a">New York [N.Y.] :</subfield><subfield code="b">Workingmen's Cooperative Pub. Association,</subfield><subfield code="c">1909-1923.</subfield></datafield><datafield ind1=" " ind2=" " tag="300"><subfield code="a">15 v. :</subfield><subfield code="b">ill. ;</subfield><subfield code="c">55 cm.</subfield></datafield><datafield ind1=" " ind2=" " tag="310"><subfield code="a">Daily (except Monday),</subfield><subfield code="b">Oct. 10, 1909-Sept. 30, 1923</subfield></datafield><datafield ind1=" " ind2=" " tag="321"><subfield code="a">Daily (except Sunday),</subfield><subfield code="b">June 28, 1909-Oct. 9, 1909</subfield></datafield><datafield ind1="0" ind2=" " tag="362"><subfield code="a">Vol. 2, no. 153 (June 28, 1909)-v. 16, no. 273 (Sept. 30, 1923).</subfield></datafield><datafield ind1=" " ind2=" " tag="500"><subfield code="a">"New York" appears in title ornament, 1909-1918.</subfield></datafield><datafield ind1=" " ind2=" " tag="500"><subfield code="a">"Devoted to the interests of the working people."</subfield></datafield><datafield ind1=" " ind2=" " tag="525"><subfield code="a">Sunday issue contains a supplement titled: The Call magazine.</subfield></datafield><datafield ind1=" " ind2=" " tag="530"><subfield code="a">Also issued on microfilm by the New York Public Library.</subfield></datafield><datafield ind1=" " ind2=" " tag="580"><subfield code="a">Also published an evening edition called: Evening call (New York, N.Y.) ("Night edition" appeared in upper left and right corners of paper).</subfield></datafield><datafield ind1=" " ind2="0" tag="651"><subfield code="a">New York (N.Y.)</subfield><subfield code="v">Newspapers.</subfield></datafield><datafield ind1=" " ind2="0" tag="651"><subfield code="a">New York County (N.Y.)</subfield><subfield code="v">Newspapers.</subfield></datafield><datafield ind1=" " ind2="7" tag="655"><subfield code="a">Newspapers.</subfield><subfield code="2">fast</subfield><subfield code="0">(OCoLC)fst01423814</subfield></datafield><datafield ind1=" " ind2="7" tag="651"><subfield code="a">New York (State)</subfield><subfield code="z">New York.</subfield><subfield code="2">fast</subfield><subfield code="0">(OCoLC)fst01204333</subfield></datafield><datafield ind1=" " ind2="7" tag="651"><subfield code="a">New York (State)</subfield><subfield code="z">New York County.</subfield><subfield code="2">fast</subfield><subfield code="0">(OCoLC)fst01234953</subfield></datafield><datafield ind1=" " ind2=" " tag="752"><subfield code="a">United States</subfield><subfield code="b">New York</subfield><subfield code="c">New York</subfield><subfield code="d">New York.</subfield></datafield><datafield ind1="1" ind2=" " tag="775"><subfield code="t">Evening call (New York, N.Y.)</subfield><subfield code="w">(DLC)sn 84031134</subfield></datafield><datafield ind1="0" ind2="0" tag="780"><subfield code="t">New York evening call</subfield><subfield code="w">(DLC)sn 85042441</subfield><subfield code="w">(OCoLC)12415679</subfield></datafield><datafield ind1="0" ind2="0" tag="785"><subfield code="t">New York leader (New York, N.Y. : 1923)</subfield><subfield code="w">(DLC)sn 83030550</subfield><subfield code="w">(OCoLC)9580609</subfield></datafield><datafield ind1=" " ind2=" " tag="938"><subfield code="a">Kirtas Technologies, Inc.</subfield><subfield code="b">KRTS</subfield><subfield code="n">736554</subfield></datafield></record>